<record xmlns="http://www.loc.gov/MARC21/slim" xmlns:xsi="http://www.w3.org/2001/XMLSchema-instance" xsi:schemaLocation="http://www.loc.gov/MARC21/slim http://www.loc.gov/standards/marcxml/schema/MARC21slim.xsd"><leader>00000nz   2200000n  4500</leader><controlfield tag="001">oca02307262 </controlfield><controlfield tag="005">19880624055454.8</controlfield><controlfield tag="008">880602n| acannaab|          |a aaa     c</controlfield><datafield ind1=" " ind2=" " tag="010"><subfield code="a">no 88000557 </subfield></datafield><datafield ind1=" " ind2=" " tag="040"><subfield code="a">InU</subfield><subfield code="c">InU</subfield></datafield><datafield ind1="1" ind2=" " tag="100"><subfield code="a">Fabricius, Georg,</subfield><subfield code="d">1516-1571.</subfield></datafield><datafield ind1="1" ind2=" " tag="400"><subfield code="a">Fabritius, Georgius,</subfield><subfield code="d">1516-1571</subfield></datafield><datafield ind1="1" ind2=" " tag="400"><subfield code="a">Fabricius, G.</subfield><subfield code="q">(Georg),</subfield><subfield code="d">1516-1571</subfield></datafield><datafield ind1=" " ind2=" " tag="670"><subfield code="a">His Ad valeninum gravium de morte uxoris elegiae consolatoriae, 1550:</subfield><subfield code="b">t.p. (Georgii Fabricii...)</subfield></datafield><datafield ind1=" " ind2=" " tag="670"><subfield code="a">ADB</subfield><subfield code="b">(Fabricius, Georg; b. 4/23/1516; d. 7/17/1571)</subfield></datafield><datafield ind1=" " ind2=" " tag="670"><subfield code="a">InU/Wing STC files</subfield><subfield code="b">(usage: Georgio Fabritio..., G. Fabricio...)</subfield></datafield><datafield ind1=" " ind2=" " tag="999"><subfield code="a">146</subfield></datafield></record>